<record><leader>00000cas a22000007a 4500</leader><controlfield tag="001">24100857</controlfield><controlfield tag="008">910719d18431844mauwr ne      0    0eng d</controlfield><datafield ind1=" " ind2=" " tag="010"><subfield code="a">sn 91057124 </subfield></datafield><datafield ind1=" " ind2=" " tag="040"><subfield code="a">MGN</subfield><subfield code="b">eng</subfield><subfield code="c">MGN</subfield><subfield code="d">OCL</subfield><subfield code="d">MGN</subfield><subfield code="d">OCLCQ</subfield></datafield><datafield ind1=" " ind2=" " tag="019"><subfield code="a">10358938</subfield></datafield><datafield ind1=" " ind2=" " tag="042"><subfield code="a">msc</subfield></datafield><datafield ind1="0" ind2="0" tag="245"><subfield code="a">American weekly traveller and farmers' advocate.</subfield></datafield><datafield ind1="3" ind2="0" tag="246"><subfield code="a">American weekly traveller</subfield></datafield><datafield ind1="3" ind2="0" tag="246"><subfield code="a">American traveller</subfield></datafield><datafield ind1=" " ind2=" " tag="260"><subfield code="a">Boston [Mass.] :</subfield><subfield code="b">R.L. Porter and Co.</subfield></datafield><datafield ind1=" " ind2=" " tag="300"><subfield code="a">v.</subfield></datafield><datafield ind1=" " ind2=" " tag="310"><subfield code="a">Weekly</subfield></datafield><datafield ind1="0" ind2=" " tag="362"><subfield code="a">Vol. 5, no. 6 (Feb. 11, 1843)-v. 6, no. 52 (Dec. 28, 1844).</subfield></datafield><datafield ind1=" " ind2=" " tag="500"><subfield code="a">"Weekly" appears in masthead ornament.</subfield></datafield><datafield ind1=" " ind2=" " tag="500"><subfield code="a">Published as: American weekly traveller, June-Dec. 1844.</subfield></datafield><datafield ind1=" " ind2=" " tag="752"><subfield code="a">United States</subfield><subfield code="b">Massachusetts</subfield><subfield code="c">Suffolk</subfield><subfield code="d">Boston.</subfield></datafield><datafield ind1="0" ind2=" " tag="775"><subfield code="t">American semi-weekly traveller (Boston, Mass. : 1843)</subfield><subfield code="w">(DLC)sn 91057125</subfield></datafield><datafield ind1="0" ind2="0" tag="780"><subfield code="t">American weekly traveller (Boston, Mass. : 1839)</subfield><subfield code="w">(DLC)sn 84022238</subfield></datafield><datafield ind1="0" ind2="0" tag="785"><subfield code="t">American traveller (Boston, Mass. : 1845 : Weekly)</subfield><subfield code="w">(DLC)sn 84022240</subfield></datafield></record>